% -----------------------------------------------
@misc{boost,
   title = {{Boost C++ Libraries}},
   URL = {http://www.boost.org/}
}
% -----------------------------------------------
@misc{openmp,
   title = {{OpenMP}},
   URL = {http://openmp.org}
}
% -----------------------------------------------
@misc{cmake,
   title = {{CMake}},
   URL = {http://www.cmake.org/}
}
% -----------------------------------------------
@misc{xcode,
   title = {{Xcode Developer Tools}},
   URL = {http://developer.apple.com/technologies/tools/xcode.html}
}
% -----------------------------------------------
@misc{fink,
   title = {{Fink}},
   URL = {http://www.finkproject.org/}
}
% -----------------------------------------------
@misc{darwinports,
   title = {{DarwinPorts}},
   URL = {http://darwinports.com/}
}
% -----------------------------------------------
@misc{macports,
   title = {{MacPorts}},
   URL = {http://www.macports.org/}
}

@book{Austern:GenericProgrammingSTL,
 author = {M. H. Austern},
 title = {Generic Programming and the STL: Using and Extending the C++ Standard Template Library},
 year = {1998},
 isbn = {0-201-30956-4},
 publisher = {Addison-Wesley Longman Publishing Co., Inc.},
 address = {Boston, MA, USA},
}
@Book{Alexandrescu:ModernCpp,
 author = {A. Alexandrescu},
 title = {{Modern C++ Design: Generic Programming and Design Patterns Applied}},
 year = {2001},
 isbn = {0-201-70431-5},
 publisher = {Addison-Wesley Longman Publishing Co., Inc.},
 address = {Boston, MA, USA},
}

@book{Vandevoorde:CppTemplates,
 author = {D. Vandevoorde and N. M. Josuttis},
 title = {{C++ Templates}},
 year = {2002},
 isbn = {0201734842},
 publisher = {Addison-Wesley Longman Publishing Co., Inc.},
 address = {Boston, MA, USA},
}
